@online{LDAPInfo,
   author		= {The Linux Documentation Project},
   title		= {LDAP Linux HOWTO},
   howpublished = {\url {http://www.tldp.org/HOWTO/LDAP-HOWTO/index.html}},
   note			= {zuletzt besucht: 21.12.2015}
}

@online{ausarbeitungcc,
   author		= {Burkhard Hampl und Simon Wortha},
   title		= {Cloud Computing-Ausarbeitung Systemtechnik 2015/16},
   howpublished = {\url {https://elearning.tgm.ac.at/mod/resource/view.php?id=48953}},
   note			= {zuletzt besucht: 16.05.2016}
}

@online{iot,
   author		= {Margaret Rouse},
   title		= {Definition - Internet der Dinge (Internet of Things, IoT)},
   howpublished = {\url {http://www.searchnetworking.de/definition/Internet-der-Dinge-Internet-of-Things-IoT}},
   note			= {zuletzt besucht: 16.05.2016}
}
