@online{iot,
   author		= {Dr. Markus Siepermann},
   title		= {Internet der Dinge},
   howpublished = {\url {http://wirtschaftslexikon.gabler.de/Definition/internet-der-dinge.html}},
   note			= {zuletzt besucht: 01. 06. 2016}
}

@online{cloud,
   author		= {Toni Agudo},
   title		= {Cloud-Computing},
   howpublished = {\url {http://www.gruenderszene.de/lexikon/begriffe/cloud-computing}},
   note			= {zuletzt besucht: 01. 06. 2016}
}
