@book{buch,
	Author = {Lucian O. Meysels},
	Publisher = {Verlag Amalthea},
	Title = {Der Austrofaschismus - Das Ende der ersten Republik und ihr letzter Kanzler},
	Year = {1992}}
}