@book{buch,
	Author = {Gerhard Altmann},
	Publisher = {Wallstein Verlag},
	Title = {Abschied vom Empire - Die innere Dekolonisation Gro√übritanniens 1945-1985},
	Year = {2005}}
}