@book{buch,
	Author = {Kurt Bauer},
	Publisher = {Böhlau Verlag},
	Title = {Nationalsozialismus: Ursprünge, Anfänge, Aufstieg und Fall},
	Year = {2005}}
}