@book{buch,
	Author = {Dietmar Herz, Christian Jetzlsperger},
	Publisher = {Verlag C.H. Beck},
	Title = {Die Europ√§ische Union},
	Year = {2008}}
}